@book{griffiths-quantum,
		title="Introduction to Quantum Mechanics",
		author="David J. Griffiths",
		year="2005",
		publisher="Pearson Education, Inc.",
		address="New Jersey"
}

@book{wasserman-statistics,
		title="All of Statistics: A Concise Course in Statistical Inference",
		author="Larry Wasserman",
		year="2005",
		publisher="Springer",
		address="New York"
}

@book{fenics-book,
  title = {Automated Solution of Differential Equations by the Finite Element Method},
  author = {Anders Logg and Kent-Andre Mardal and Garth N. Wells and others},
  editor = {Anders Logg and Kent-Andre Mardal and Garth N. Wells},
  year = {2012},
  publisher = {Springer},
  doi = {10.1007/978-3-642-23099-8},
  isbn = {978-3-642-23098-1},
}

@article{spp-ring-resonator,
		title="The Transmission Characteristics of Surface 
		Plasmon Polaritons in Ring Resonator",
		author={Tong-Biao Wang AND Xie-Wen Wen AND 
		  Cheng-Ping Yin AND He-Zhou Wang},
		journal="The Optical Society",
		year="2009",
}

@article{cancer-detection,
		title="Label-Free Quantitation of a Cancer Biomarker in Complex Media Using Silicon Photonic Microring Resonators",
		author="Adam L. Washurn AND L. Cary Gunn AND Ryan C. Bailey",
		journal="Analytical Chemistry",
		year="2009"
}

@article{diagnostics,
		title="Label-Free Silicon Photonic Biosensors for use in Clinical Diagnostics",
		author="Sahba Talebi Fard AND
		Samantha M. Grist AND
		Valentina Donzella AND
		Shon A. Schmidt AND
		Jonas Flueckiger AND
		Xu Wang AND
		Wei Shi AND
		Andrew Millspaugh AND
		Mitchell Webb AND 
		Daniel M. Ratner AND 
		Karen C. Cheung AND 
		Lukas Chrostowski",
		journal="International Society for Optical Engineering",
		year="2013"
}

@unpublished{better-boundary,
		title="Open Boundary Conditions for Wave Propagation 
		Problems on Unbounded Domains",
		author="Anton Arnold",
		year="2007",
		organization="Institute for Analysis and Scientific Computing",
}
		%https://www.asc.tuwien.ac.at/~arnold/pdf/graz/graz.pdf
