@book{griffiths-quantum,
		title="Introduction to Quantum Mechanics",
		author="David J. Griffiths",
		year="2005",
		publisher="Pearson Education, Inc.",
		address="New Jersey"
}

@book{wasserman-statistics,
		title="All of Statistics: A Concise Course in Statistical Inference",
		author="Larry Wasserman",
		year="2005",
		publisher="Springer",
		address="New York"
}
